<?xml version="1.0" encoding="UTF-8"?><collection xmlns="http://www.loc.gov/MARC21/slim"><record><leader>00494nam--2200145-i-4500</leader><controlfield tag="001">000025547</controlfield><controlfield tag="002">20161230</controlfield><controlfield tag="005">20161230201036</controlfield><controlfield tag="008">060222s1000------------r-----000-0-eng-d</controlfield><datafield ind1=" " ind2=" " tag="080"><subfield code="a">621.375.826:539.1(043)</subfield></datafield><datafield ind1=" " ind2=" " tag="100"><subfield code="a">Juncar, Patrick</subfield></datafield><datafield ind1=" " ind2=" " tag="245"><subfield code="a">Etude d`une methode de mesure instentar du nombre d`onde d`une lumiere monochromatique accordable. application du pilotage d`une laser a colorant monomode</subfield></datafield><datafield ind1=" " ind2=" " tag="260"><subfield code="a">Paris, Universite De Paris-sud, 1976, 441p</subfield></datafield><datafield ind1=" " ind2=" " tag="490"><subfield code="a">These</subfield></datafield><datafield ind1=" " ind2=" " tag="852"><subfield code="a">44888</subfield></datafield></record></collection>